<?xml version="1.0" encoding="UTF-8"?><collection xmlns="http://www.loc.gov/MARC21/slim"><record><leader>00521nam--2200169-u-4500</leader><controlfield tag="001">000053755</controlfield><controlfield tag="002">20161230</controlfield><controlfield tag="005">20161230201051</controlfield><controlfield tag="008">110603s1000------------r-----000-0-eng-d</controlfield><datafield ind1=" " ind2=" " tag="040"><subfield code="a">IFIN-HH</subfield></datafield><datafield ind1=" " ind2=" " tag="080"><subfield code="a">536.7(043)</subfield></datafield><datafield ind1="1" ind2=" " tag="100"><subfield code="a">Graaff, W. De</subfield></datafield><datafield ind1="1" ind2="0" tag="245"><subfield code="a">Compressibility isotherms and thermodynamic functions of hydrogen and deuterium. conclusions regarding the intermolecular field</subfield><subfield code="c">W. de graaff</subfield></datafield><datafield ind1=" " ind2=" " tag="260"><subfield code="a">Amsterdam</subfield><subfield code="b">Universiteit</subfield><subfield code="c">1960</subfield></datafield><datafield ind1=" " ind2=" " tag="300"><subfield code="a">96P</subfield></datafield><datafield ind1=" " ind2=" " tag="852"><subfield code="a">77017</subfield><subfield code="c">536.7</subfield></datafield><datafield ind1=" " ind2=" " tag="CAT"><subfield code="a">Sys</subfield><subfield code="c">20110603</subfield><subfield code="h">121245</subfield></datafield></record></collection>